<?xml version="1.0" encoding="UTF-8"?><collection xmlns="http://www.loc.gov/MARC21/slim"><record><leader>00353nam--2200133-i-4500</leader><controlfield tag="001">000025037</controlfield><controlfield tag="002">20161230</controlfield><controlfield tag="005">20161230201035</controlfield><controlfield tag="008">060222s1000------------r-----000-0-eng-d</controlfield><datafield ind1=" " ind2=" " tag="080"><subfield code="a">621.31(075.8)</subfield></datafield><datafield ind1=" " ind2=" " tag="100"><subfield code="a">Hortopan, Gh</subfield></datafield><datafield ind1=" " ind2=" " tag="245"><subfield code="a">Aparate electrice. principii si aplicatii</subfield></datafield><datafield ind1=" " ind2=" " tag="260"><subfield code="a">Bucuresti, Ed.Didactica Si Pedagogica, 180. 641p</subfield></datafield><datafield ind1=" " ind2=" " tag="852"><subfield code="a">48608</subfield></datafield></record></collection>